%% 0-STRING.BIB
%% strings - common abbreviations
%% Note: to corectly resolve strings this file must be the first in the list
%%       of bibtex-files. Some entries are also predefined in the standard
%%       bib-files but as some styles such as achicago don't define them they
%%       are included nevertheless (but marked below with STDPreDef)
%% Joint effort by IBM ZRL's security group and various others ..
%% Coordinated by: michael steiner <steiner(AT)acm.org>
%% Version: $Id: 0-string.bib,v 1.1.1.1 2003/11/30 17:06:07 adrian Exp $
                  
%
% PUBLISHERS
%
@string{AP       =      {Academic Press}}
@string{AW       =      {Addison-Wesley}}
@string{CH       =      {Chapman \& Hall}}
@string{CUP      =      {Cambridge University Press}}
@string{ELSEVIER =      {Elsevier Science Publishers B.V.}}
@string{EUP      =      {Edinburgh University Press}}
@string{IEEECSP  =      {{IEEE} Computer Society Press}}
@string{MGH      =      {McGraw-Hill}}
@string{MIT      =      {The MIT Press}}
@string{NH       =      {North-Holland}}
@string{OUP      =      {Oxford University Press}}
@string{P        =      {Pitman Press}}
@string{PH       =      {Prentice Hall International}}
@string{PP       =      {Pergamon Press}}
@string{SV       =      {Springer-Verlag, Berlin Germany}}
@string{JWS      =      {John Wiley \& Sons}}


%
% JOURNALS (the commented journal are defined already in standard
%           bibtex style files)
%
@string{acmcs = {{ACM Computing Surveys}}}% STDPreDef
@string{acta = {{Acta Informatica}}}% STDPreDef
@string{cacm = {{Communications of the ACM}}}% STDPreDef

@string{C&S =  {Computers \& Security}}
@string{CAS =  {Computers \& Security}}
		  
@string{ccr   =  {Computer Communication Review}} 
@string{CJ   =  {Computer Journal}}
@string{CNIS =  {Computer Networks and ISDN Systems}}
@string{CompNet =  {Computer Networks}}
@string{DeCoCr = {Designs, Codes and Cryptography}}
@string{dud =  {Datenschutz und Datensicherheit {DuD}, Verlag Friedrich Vieweg \& Sohn, Wiesbaden}}
@string{ibmjrd = {{IBM Journal of Research and Development}}}% STDPreDef
@string{ibmsj = {{IBM Systems Journal}}}
@string{IBMTDB = {{IBM} Technical Disclosure Bulletin}}
@string{ieeec = {{IEEE} Computer}}
@string{ieees = {{IEEE} Software}}
@string{ieeecm = {{IEEE} Communications Magazine}}
@string{ieeeic = {{IEEE} Internet Computing}}
@string{ieeenet = {{IEEE} Network}}
@string{ieeepc = {{IEEE} Personal Communications}}
@string{ieeese = {{IEEE} Transactions on Software Engineering}}% STDPreDef
@string{ieeetcad = {{IEEE} Transactions on Computer-Aided Design of Integrated Circuits}}% STDPreDef
@string{ieeetc = {{IEEE} Transactions on Computers}}% STDPreDef
@string{IEEETrSysMan  = {{IEEE} Transactions on Systems, Man, and Cybernetics}}
@string{ieeetn = {{ACM}/{IEEE} Transactions on Networking}}	  
@string{ieeetpds = {{IEEE} Transactions on Parallel and Distributed Systems}}	  
@string{ipl = {{Information Processing Letters}}}% STDPreDef
@string{jacm = {{Journal of the ACM}}}% STDPreDef
@string{JC  =  {Journal of Cryptology}}
@string{jcss = {{Journal of Computer and System Sciences}}}% STDPreDef
@string{JFP  =  {Journal of Functional Programming}}
@string{JCS =  {Journal of Computer Security}}
@string{JPAA =  {Journal of Pure and Applied Algebra}}
@string{JSAC =  {{IEEE} Journal on Selected Areas in Communications}}
@string{JSL  =  {Journal of Symbolic Logic}}
@string{MSJ=    {Microsoft Systems Journal}}
@string{NGC  =  {New Generation Computing}}
@string{OSR   = {{ACM} Operating Systems Review}}
@string{scp = {{Science of Computer Programming}}}% STDPreDef
@string{SI  =  {INFORMATIK --- Zeitschrift der Schweizer Informatikorganisationen}}
@string{sicomp = {{SIAM Journal on Computing}}}% STDPreDef
@string{sidima = {{SIAM Journal on Discrete Mathematics}}}
@string{SWPE =  {Software --- Practice and Experience}}
@string{tcs = {{Theoretical Computer Science}}}% STDPreDef
@string{tocs = {{ACM Transactions on Computer Systems}}}% STDPreDef
@string{tods = {{ACM Transactions on Database Systems}}}% STDPreDef
@string{tog = {{ACM Transactions on Graphics}}}% STDPreDef
@string{TOIT =  {{IEEE} Transactions on Information Theory}}
@string{toms = {{ACM Transactions on Mathematical Software}}}% STDPreDef
@string{tois = {ACM Transactions on Information Systems}}
@string{TISSEC = {ACM Transactions on Information and System Security}}
@string{toois = {{ACM Transactions on Office Information Systems}}}% STDPreDef
@string{toplas = {{ACM Transactions on Programming Languages and Systems}}}% STDPreDef
@string{NZZ =  {Neue Z\"urcher Zeitung {NZZ}}}
@string{ToCL = {Theory of Cryptography Library}}
@string{CryptEAr = {Cryptology {ePrint} Archive}}
@string{CoRR = {Computing Research Repository ({CoRR}) }}

%
% SERIES
%
@string{EATCS= {Monographs on Theoretical Computer Science}}
@string{FCS  = {Foundations of Computing Series}}
@string{ISCS = {International Series in Computer Science}}
@string{LNCS = {Lecture Notes in Computer Science}}
@string{LNAI = {Lecture Notes in Artificial Intelligence}}
@string{PEMC = {Partial Evaluation and Mixed Computation}}
@string{RFC  = {Internet Request for Comment RFC}}

%
% INSTITUTIONS
%
@string{CCN     = {Computing Center, No\-vo\-si\-birsk, USSR}}
@string{CMU     = {Carnegie Mellon University, Pittsburgh, PA 15213}}
@string{CSRI    = {Computer Systems Research Institute {CSRI},
		  University of Toronto,
		  Toronto, Canada, M5S 1A4}}
@string{CU      = {University of Cambridge}}
@string{CWI     = {Centrum voor Wiskunde en Informatica}}
@string{DIGITAL     = {Digital Equipment Corp., Maynard, M.A.}}
@string{DIKU    = {DIKU, University of Copenhagen, Denmark}}
@string{ETSI    = {{European Telecommunications Standards Institute}}}
% commented out below strings as potentialy misleading
%@string{EU      = {University of Edinburgh}}
%@string{IC      = {Imperial College of Science, Technology and Medicine}}
@string{IACR    = {International Association for Cryptologic Research}}
@string{IETF    = {Internet Engineering Task Force}}
@string{ITCSP   = {{IEEE} Computer Society, Technical Committee on Security and Privacy}}
@string{LCS     = {Laboratory of Computer Science LCS, Massachusetts
		  Institute of Technology MIT, 545 Technology Sq.,
		  Cambridge MA, 02139}}
@string{NIST	= {{National Institute of Standards and Technology ({NIST})}}}}
@string{OSF     = {Open Software Foundation (OSF), 11 Cambridge
		  Center, Cambr. MA, 02142}}
@string{OU      = {University of Oxford}}
@string{SRC     = DEC # {, Systems Research Center}}
@string{UCL     = {University College London}}
@string{IBMWatson = {{IBM Research Division, Thomas J.Watson Research Center, Yorktown Heights, NY 10598}}}
@string{WICS    = {Workshops in Computer Science}}

		  
%
% CONFERENCES
%
@string{FPCA    = {Conference on Functional Programming and Computer Architecture}}
@string{AdvICr  = {Advances in Cryptology --- }}		  
@string{AsiaCr  = AdvICr # "{ASIA\-CRYPT} '"}		  
@string{AusCry  = AdvICr # "{AUS\-CRYPT} '"}		  
@string{Crypto  = AdvICr # "{CRYPTO} '"}		  
@string{EuroCr  = AdvICr # "{EURO\-CRYPT} '"}		  
@string{ESORICS = {European Symposium on Research in Computer Security ({ESORICS})}}		  
@string{SympSecPr = {Proceedings of the {IEEE} Symposium on Research in Security and Privacy}}		  
@string{INFOHIDING = {Information Hiding}}
@string{POPL = {Principles of Programming Languages}}
@string{PKC  = {International Workshop on Practice and Theory in Public Key Cryptography '}}


%
% MONTHS (defined in standard bibtex styles)
%
% jan
% feb
% mar
% apr
% may
% jun
% jul
% aug
% sep
% oct
% nov
% dec

%%% See comment at end ...
%%% Local Variables:
%%% mode: bibtex
%%% mode: auto-fill
%%% bibtex-maintain-sorted-entries: t
%%% bibtex-string-files: "O-string.bib"
%%% End: 
%%% Ensure certain conventions for users using emacs ...
